
@incollection{acemoglu2011skills,
  title={Skills, tasks and technologies: Implications for employment and earnings},
  author={Acemoglu, Daron and Autor, David},
  booktitle={Handbook of labor economics},
  volume={4},
  pages={1043--1171},
  year={2011},
  publisher={Elsevier}
}

@article{acemoglu2012does,
  title={What does human capital do? A review of Goldin and Katz's The race between education and technology},
  author={Acemoglu, Daron and others},
  journal={Journal of Economic Literature},
  volume={50},
  number={2},
  pages={426--63},
  year={2012}
}

@article{arendt2019technical,
  title={Technical change and wage premium shifts among task-content groups in Poland},
  author={Arendt, {\L}ukasz and Grabowski, Wojciech},
  journal={Economic research-Ekonomska istra{\v{z}}ivanja},
  volume={32},
  number={1},
  pages={3392--3410},
  year={2019},
  publisher={Taylor and Francis Group i Sveu{\v{c}}ili{\v{s}}te Jurja Dobrile u Puli, Fakultet~…}
}

@techreport{autor2014polanyi,
  title={Polanyi's paradox and the shape of employment growth},
  author={Autor, David},
  year={2014},
  institution={National Bureau of Economic Research}
}

@article{aziz2021between,
  title={Between-group inequality may decline despite a rising skill premium},
  author={Aziz, Imran and Cortes, Guido Matias},
  journal={Labour Economics},
  volume={72},
  pages={102063},
  year={2021},
  publisher={Elsevier}
}

@article{baldwin2015supply,
  title={Supply-chain trade: A portrait of global patterns and several testable hypotheses},
  author={Baldwin, Richard and Lopez-Gonzalez, Javier},
  journal={The world economy},
  volume={38},
  number={11},
  pages={1682--1721},
  year={2015},
  publisher={Wiley Online Library}
}

@article{biewen2017rising,
  title={Rising wage inequality in Germany: Increasing heterogeneity and changing selection into full-time work},
  author={Biewen, Martin and Fitzenberger, Bernd and De Lazzer, Jakob},
  journal={ZEW-Centre for European Economic Research Discussion Paper},
  number={48},
  volume={17},
  year={2017}
}

@article{biewen2019unions,
  title={Unions, internationalization, tasks, firms, and worker characteristics: A detailed decomposition analysis of rising wage inequality in Germany},
  author={Biewen, Martin and Seckler, Matthias},
  journal={The Journal of Economic Inequality},
  volume={17},
  number={4},
  pages={461--498},
  year={2019},
  publisher={Springer}
}

@article{biewen2021labour,
  title={Why a Labour Market Boom Does Not Necessarily Bring Down Inequality: Putting Together Germany's Inequality Puzzle},
  author={Biewen, Martin and Sturm, Miriam},
  year={2021},
  journal={IZA Discussion Paper}
}

@article{bossler2020wage,
  title={Wage inequality in Germany after the minimum wage introduction},
  author={Bossler, Mario and Schank, Thorsten},
  year={2020},
  journal={IZA Discussion Paper}
}

@article{card2001can,
  title={Can falling supply explain the rising return to college for younger men? A cohort-based analysis},
  author={Card, David and Lemieux, Thomas},
  journal={The quarterly journal of economics},
  volume={116},
  number={2},
  pages={705--746},
  year={2001},
  publisher={MIT Press}
}

@article{dustmann2014sick,
  title={From sick man of Europe to economic superstar: Germany's resurgent economy},
  author={Dustmann, Christian and Fitzenberger, Bernd and Sch{\"o}nberg, Uta and Spitz-Oener, Alexandra},
  journal={Journal of economic perspectives},
  volume={28},
  number={1},
  pages={167--88},
  year={2014}
}

@article{farber2021unions,
  title={Unions and inequality over the twentieth century: New evidence from survey data},
  author={Farber, Henry S and Herbst, Daniel and Kuziemko, Ilyana and Naidu, Suresh},
  journal={The Quarterly Journal of Economics},
  volume={136},
  number={3},
  pages={1325--1385},
  year={2021},
  publisher={Oxford University Press}
}

@inproceedings{goldin2020extending,
  title={Extending the race between education and technology},
  author={Goldin, Claudia and Katz, Lawrence F and others},
  booktitle={AEA Papers and Proceedings},
  volume={110},
  pages={347--51},
  year={2020}
}

@book{goldin2010race,
  title={The race between education and technology},
  author={Goldin, Claudia and Katz, Lawrence F},
  year={2010},
  publisher={Harvard University Press}
}

@article{glitz2021skill,
  title={Skill Premiums and the Supply of Young Workers in Germany},
  author={Glitz, Albrecht and Wissmann, Daniel},
  journal={Labour Economics},
  volume={72},
  pages={102034},
  year={2021},
  publisher={Elsevier}
}

@article{hardy2018educational,
  title={Educational upgrading, structural change and the task composition of jobs in Europe},
  author={Hardy, Wojciech and Keister, Roma and Lewandowski, Piotr},
  journal={Economics of Transition},
  volume={26},
  number={2},
  pages={201--231},
  year={2018},
  publisher={Wiley Online Library}
}

@article{havranek2020elasticity,
  title={The elasticity of substitution between skilled and unskilled labor: A meta-analysis},
  author={Havranek, Tomas and Irsova, Zuzana and Laslopova, Lubica and Zeynalova, Olesia},
  year={2020}
}

@article{howell2019declining,
  title={Declining job quality in the United States: Explanations and evidence},
  author={Howell, David R and Kalleberg, Arne L},
  journal={RSF: The Russell Sage Foundation Journal of the Social Sciences},
  volume={5},
  number={4},
  pages={1--53},
  year={2019},
  publisher={RSF: The Russell Sage Foundation Journal of the Social Sciences}
}

@article{katz1992changes,
  title={Changes in relative wages, 1963--1987: supply and demand factors},
  author={Katz, Lawrence F and Murphy, Kevin M},
  journal={The quarterly journal of economics},
  volume={107},
  number={1},
  pages={35--78},
  year={1992},
  publisher={MIT Press}
}

@article{magda2021firms,
  title={Firms and wage inequality in Central and Eastern Europe},
  author={Magda, Iga and Gromadzki, Jan and Moriconi, Simone},
  journal={Journal of Comparative Economics},
  volume={49},
  number={2},
  pages={499--552},
  year={2021},
  publisher={Elsevier}
}

@article{marin2004nation,
  title={A nation of poets and thinkers-less so with Eastern enlargement? Austria and Germany},
  author={Marin, Dalia},
  journal={Austria and Germany (March 2004)},
  year={2004}
}

@article{marin2018global,
  title={Global value chains, product quality, and the rise of Eastern Europe},
  author={Marin, Dalia},
  journal={Explaining Germany’s Exceptional Recovery},
  pages={41},
  year={2018}
}

@article{milanovic2020elephant,
  title={Elephant who lost its trunk: Continued growth in Asia, but the slowdown in top 1\% growth after the financial crisis},
  author={Milanovic, Branko},
  journal={VoxEU. org},
  volume={6},
  year={2020}
}

@article{mishel2013assessing,
  title={Assessing the job polarization explanation of growing wage inequality},
  author={Mishel, Lawrence and Schmitt, John and Shierholz, Heidi},
  journal={Economic Policy Institute. Working Paper},
  year={2013},
  publisher={Citeseer}
}

@article{mysikova2018personal,
  title={Personal earnings inequality and polarization: The Czech Republic in comparison with Austria and Poland},
  author={Mys{\'\i}kov{\'a}, Martina and Ve{\v{c}}ern{\'\i}k, Ji{\v{r}}{\'\i}},
  journal={Eastern European Economics},
  volume={56},
  number={1},
  pages={57--80},
  year={2018},
  publisher={Taylor \& Francis}
}

@book{/content/publication/1fd2da34-en,
   author={OECD},
   title={Negotiating Our Way Up: Collective Bargaining in a Changing World of Work},
   year={2019},
   publisher={OECD Publishing},
   url="https://www.oecd-ilibrary.org/content/publication/1fd2da34-en",
   doi="https://doi.org/https://doi.org/10.1787/1fd2da34-en",
   address={Paris}
}


@INCOLLECTION{oecd2017,
   author ={OECD},
   title={How technology and globalisation are transforming the labour market}, 
   booktitle={OECD Employment Outlook 2017},
   year={2017},
   publisher={OECD Publishing},
   url={https://www.oecd-ilibrary.org/content/component/empl_outlook-2017-7-en},
   doi={https://doi.org/https://doi.org/10.1787/empl_outlook-2017-7-en},
   address={Paris}
}


@article{orenstein2022work,
  title={Work, family, fatherland: The political economy of populism in central and Eastern Europe},
  author={Orenstein, Mitchell A and Bugari{\v{c}}, Bojan},
  journal={Journal of European Public Policy},
  volume={29},
  number={2},
  pages={176--195},
  year={2022},
  publisher={Taylor \& Francis}
}

@incollection{piketty2018capital,
  title={Capital in the twenty-first century},
  author={Piketty, Thomas},
  booktitle={Capital in the twenty-first century},
  year={2018},
  publisher={Harvard University Press}
}

@article{rodrik2020economic,
  title={Economic Inequality and insecurity: Policies for an inclusive economy},
  author={Rodrik, Dani and Stantcheva, Stefanie},
  journal={Report for the Blanchard-Tirole Commission},
  year={2020}
}

@article{stollinger2016structural,
  title={Structural change and global value chains in the EU},
  author={St{\"o}llinger, Roman},
  journal={Empirica},
  volume={43},
  number={4},
  pages={801--829},
  year={2016},
  publisher={Springer}
}

@book{temin2018vanishing,
  title={The Vanishing Middle Class, new epilogue: Prejudice and Power in a Dual Economy},
  author={Temin, Peter},
  year={2018},
  publisher={MIT press}
}

@article{tyrowicz2019wage,
  title={Wage inequality and structural change},
  author={Tyrowicz, Joanna and Smyk, Magdalena},
  journal={Social Indicators Research},
  volume={141},
  number={2},
  pages={503--538},
  year={2019},
  publisher={Springer}
}
